<record xmlns='http://www.loc.gov/MARC21/slim'><leader>01322cim a22003492u 4500</leader><controlfield tag='001'>3602057</controlfield><controlfield tag='005'>20151214183021.0</controlfield><controlfield tag='007'>ss|lmnjluz|nuu</controlfield><controlfield tag='008'>991101s1988    nyunnn         l    eng d</controlfield><datafield ind1=' ' ind2=' ' tag='035'><subfield code='a'>(NIC)notisASF9122</subfield></datafield><datafield ind1=' ' ind2=' ' tag='035'><subfield code='a'>3602057</subfield></datafield><datafield ind1=' ' ind2=' ' tag='035'><subfield code='a'>(OCoLC)63898703</subfield></datafield><datafield ind1=' ' ind2=' ' tag='040'><subfield code='a'>NIC</subfield><subfield code='c'>NIC</subfield><subfield code='d'>NIC</subfield><subfield code='d'>NIC</subfield></datafield><datafield ind1='1' ind2=' ' tag='100'><subfield code='a'>Taylor, Joseph H.</subfield><subfield code='q'>(Joseph Hooton)</subfield></datafield><datafield ind1='1' ind2='0' tag='245'><subfield code='a'>Relativity, pulsars and atomic time</subfield><subfield code='h'>[sound recording]</subfield></datafield><datafield ind1=' ' ind2=' ' tag='260'><subfield code='c'>1988.</subfield></datafield><datafield ind1=' ' ind2=' ' tag='300'><subfield code='a'>1 sound cassette (55 min.) :</subfield><subfield code='b'>analog, mono.</subfield></datafield><datafield ind1=' ' ind2=' ' tag='500'><subfield code='a'>Recorded in Ithaca, NY by Cornell University.</subfield></datafield><datafield ind1=' ' ind2=' ' tag='500'><subfield code='a'>Sponsored by: Astronomy, Department of.</subfield></datafield><datafield ind1=' ' ind2=' ' tag='500'><subfield code='a'>Speaker(s): James S. McDonnell Distinguished University Professor of Physics, Princeton University.</subfield></datafield><datafield ind1=' ' ind2=' ' tag='518'><subfield code='a'>Lecture, December 1, 1988.</subfield></datafield><datafield ind1=' ' ind2=' ' tag='520'><subfield code='a'>Taylor discusses the mechanisms involved in measuring time with an atomic clock, and covers related aspects of pulsars and relativity.</subfield></datafield><datafield ind1=' ' ind2='0' tag='650'><subfield code='a'>Relativity (Physics).</subfield></datafield><datafield ind1=' ' ind2='0' tag='650'><subfield code='a'>Pulsars.</subfield></datafield><datafield ind1=' ' ind2='0' tag='650'><subfield code='a'>Atomic clocks.</subfield></datafield><datafield ind1=' ' ind2='7' tag='650'><subfield code='a'>Atomic clocks</subfield><subfield code='2'>fast</subfield><subfield code='0'>(OCoLC)fst00820607</subfield></datafield><datafield ind1=' ' ind2='7' tag='650'><subfield code='a'>Pulsars</subfield><subfield code='2'>fast</subfield><subfield code='0'>(OCoLC)fst01083913</subfield></datafield><datafield ind1=' ' ind2='7' tag='650'><subfield code='a'>Relativity (Physics)</subfield><subfield code='2'>fast</subfield><subfield code='0'>(OCoLC)fst01093604</subfield></datafield><datafield ind1=' ' ind2='0' tag='830'><subfield code='a'>Thomas Gold lectures.</subfield></datafield><datafield ind1='1' ind2=' ' tag='899'><subfield code='a'>CULectures</subfield></datafield><datafield ind1=' ' ind2=' ' tag='905'><subfield code='a'>20000328120000.0</subfield></datafield><datafield ind1='2' ind2=' ' tag='948'><subfield code='a'>20141221</subfield><subfield code='b'>m</subfield><subfield code='d'>batch</subfield><subfield code='e'>lts</subfield><subfield code='x'>addfast</subfield></datafield></record>